@MISC{Bader04afast,
    author = {David A. Bader and Guojing Cong},
    title = {A Fast, Parallel Spanning Tree Algorithm for Symmetric Multiprocessors (SMPs) (Extended Abstract)},
    year = {2004}
}

@inproceedings{Lu:2007:PXP:1272457.1272462,
 author = {Lu, Wei and Gannon, Dennis},
 title = {Parallel XML Processing by Work Stealing},
 booktitle = {Proceedings of the 2007 Workshop on Service-oriented Computing Performance: Aspects, Issues, and Approaches},
 series = {SOCP '07},
 year = {2007},
 isbn = {978-1-59593-717-9},
 location = {Monterey, California, USA},
 pages = {31--38},
 numpages = {8},
 url = {http://doi.acm.org/10.1145/1272457.1272462},
 doi = {10.1145/1272457.1272462},
 acmid = {1272462},
 publisher = {ACM},
 address = {New York, NY, USA},
 keywords = {XML parallel programming},
} 

